@techreport{ilprints422,
          number = {1999-66},
           month = {November},
          author = {Lawrence Page and Sergey Brin and Rajeev Motwani and Terry Winograd},
            note = {Previous number = SIDL-WP-1999-0120},
           title = {The PageRank Citation Ranking: Bringing Order to the Web.},
            type = {Technical Report},
       publisher = {Stanford InfoLab},
            year = {1999},
     institution = {Stanford InfoLab},
             url = {http://ilpubs.stanford.edu:8090/422/},
        abstract = {The importance of a Web page is an inherently subjective matter, which depends on the readers interests, knowledge and attitudes. But there is still much that can be said objectively about the relative importance of Web pages. This paper describes PageRank, a mathod for rating Web pages objectively and mechanically, effectively measuring the human interest and attention devoted to them. We compare PageRank to an idealized random Web surfer. We show how to efficiently compute PageRank for large numbers of pages. And, we show how to apply PageRank to search and to user navigation.}
}

@article{1707.07435,
Author = {Shuai Zhang and Lina Yao and Aixin Sun and Yi Tay},
Title = {Deep Learning based Recommender System: A Survey and New Perspectives},
Year = {2017},
Eprint = {arXiv:1707.07435},
Doi = {10.1145/3285029},
}

@misc{1812.08434,
Author = {Jie Zhou and Ganqu Cui and Shengding Hu and Zhengyan Zhang and Cheng Yang and Zhiyuan Liu and Lifeng Wang and Changcheng Li and Maosong Sun},
Title = {Graph Neural Networks: A Review of Methods and Applications},
Year = {2018},
Eprint = {arXiv:1812.08434},
}

@misc{2002.02126,
Author = {Xiangnan He and Kuan Deng and Xiang Wang and Yan Li and Yongdong Zhang and Meng Wang},
Title = {LightGCN: Simplifying and Powering Graph Convolution Network for Recommendation},
Year = {2020},
Eprint = {arXiv:2002.02126},
}

@inproceedings{Haveliwala2002,
  series = {WWW02},
  title = {Topic-sensitive PageRank},
  url = {http://dx.doi.org/10.1145/511446.511513},
  DOI = {10.1145/511446.511513},
  booktitle = {Proceedings of the 11th international conference on World Wide Web},
  publisher = {ACM},
  author = {Haveliwala,  Taher H.},
  year = {2002},
  month = may,
  collection = {WWW02}
}

// Dataset
@misc{1808.09781,
Author = {Wang-Cheng Kang and Julian McAuley},
Title = {Self-Attentive Sequential Recommendation},
Year = {2018},
Eprint = {arXiv:1808.09781},
}
@inproceedings{Wan2018,
  series = {RecSys ’18},
  title = {Item recommendation on monotonic behavior chains},
  url = {http://dx.doi.org/10.1145/3240323.3240369},
  DOI = {10.1145/3240323.3240369},
  booktitle = {Proceedings of the 12th ACM Conference on Recommender Systems},
  publisher = {ACM},
  author = {Wan,  Mengting and McAuley,  Julian},
  year = {2018},
  month = sep,
  collection = {RecSys ’18}
}
@inproceedings{Pathak2017,
  series = {SIGIR ’17},
  title = {Generating and Personalizing Bundle Recommendations on
            Steam},
  url = {http://dx.doi.org/10.1145/3077136.3080724},
  DOI = {10.1145/3077136.3080724},
  booktitle = {Proceedings of the 40th International ACM SIGIR Conference on Research and Development in Information Retrieval},
  publisher = {ACM},
  author = {Pathak,  Apurva and Gupta,  Kshitiz and McAuley,  Julian},
  year = {2017},
  month = aug,
  collection = {SIGIR ’17}
}